75600000         224158233000185                    03069000000008472590TRUSTCODE TECNOLOGIA DA INFORMSICOOB                                  22906201716090600001908500000                                                                     
75600011T01  043 2024158233000185          306900000203069000000008472590TRUSTCODE TECNOLOGIA DA INFORM                                                                                000000002906201700000000                                 
7560001300001T 0603069000000008472590000000230801014     1NF-0117/01     260620170000000000260000010303200000000                  092003759208000187Empresa de teste limitada me          00000000000000000000002690000000004                 
7560001300002U 060000000000000000000000000000000000000000000000000000000000000000000000260000000000000260000000000000000000000000000000002606201729062017    00000000000000000000000                              75600000000000000000000       
7560001300003T 0603069000000008472590000000231501014     1NF-0105/01     260620170000000000345600330439700000000                  092009274188000130Empresa ficticia ltda me                00000000000000000000002690000000004                 
7560001300004U 060000000000000000000000000000000000000000000000000000000000000000000000345600000000000345600000000000000000000000000000002606201729062017    00000000000000000000000                              75600000000000000000000       
7560001300005T 0603069000000008472590000000232201014     1NF-0104/01     230620170000000001800003410926900000000                  092003004307000159Outra empresa Ltda                      00000000000000000000002690000000004                 
7560001300006U 060000000000000000000000000000000000000000000000000000000000000000000001800000000000001800000000000000000000000000000000002306201728062017    00000000000000000000000                              75600000000000000000000       
75600015         00000800000000000000000000000000000000000000000000000000000000000000000000000000000000000000000000                                                                                                                             
75699999         000001000010000000                                                                                                                                                                                                             
