75600000         224158233000185                    0306940000000847259 TRUSTCODE TECNOLOGIA DA INFORMBANCOOB                                 22809201611564900000608706250                                                                     
75600011E0440033 224158233000185                    0306940000000847259 TRUSTCODE TECNOLOGIA DA INFORM                                        30082016000000000002133574CFBRL00000                                                              
7560001300001E   224158233000185                    0306940000000847259 TRUSTCODE TECNOLOGIA DA INFORM      DPV00                    N0109201601092016000000000000010724D104183 DÉB.CONV.TELECOMUN.      2840416                                
7560001300002E   224158233000185                    0306940000000847259 TRUSTCODE TECNOLOGIA DA INFORM      DPV00                    S0109201601092016000000000000003790D1055546DEB PACOTE TARIFAS       129                                    
7560001300003E   224158233000185                    0306940000000847259 TRUSTCODE TECNOLOGIA DA INFORM      DPV00                    S0509201605092016000000000000080000C209821 CRÉD.TED-STR             22009196                               
7560001300004E   224158233000185                    0306940000000847259 TRUSTCODE TECNOLOGIA DA INFORM      DPV00                    N0509201605092016000000000000090000D1175472DEB.EMI.TED DIF.TIT      2864089                                
7560001300005E   224158233000185                    0306940000000847259 TRUSTCODE TECNOLOGIA DA INFORM      DPV00                    N0509201605092016000000000000100000D114370 SAQUE - BANCO24HORA      316434                                 
7560001300006E   224158233000185                    0306940000000847259 TRUSTCODE TECNOLOGIA DA INFORM      DPV00                    N0509201605092016000000000000492074D120258 DÉB.EMISSÃO DOC-C        2865964                                
7560001300007E   224158233000185                    0306940000000847259 TRUSTCODE TECNOLOGIA DA INFORM      DPV00                    N0509201605092016000000000000366700D120258 DÉB.EMISSÃO DOC-C        2865970                                
7560001300008E   224158233000185                    0306940000000847259 TRUSTCODE TECNOLOGIA DA INFORM      DPV00                    N0509201605092016000000000000000269D10549  TARIFA COBRANÇA          0000101201                             
7560001300009E   224158233000185                    0306940000000847259 TRUSTCODE TECNOLOGIA DA INFORM      DPV00                    S0609201606092016000000000000001000D1055491SAQUE TERMINAL           178                                    
7560001300010E   224158233000185                    0306940000000847259 TRUSTCODE TECNOLOGIA DA INFORM      DPV00                    S0909201609092016000000000000008000C202800 CRÉD.LIQ.COBRANÇA        0000101201                             
7560001300011E   224158233000185                    0306940000000847259 TRUSTCODE TECNOLOGIA DA INFORM      DPV00                    N0909201609092016000000000000000269D10549  TARIFA COBRANÇA          0000102001                             
7560001300012E   224158233000185                    0306940000000847259 TRUSTCODE TECNOLOGIA DA INFORM      DPV00                    N1209201612092016000000000000010490D104183 DÉB.CONV.TELECOMUN.      2840309                                
7560001300013E   224158233000185                    0306940000000847259 TRUSTCODE TECNOLOGIA DA INFORM      DPV00                    N1209201612092016000000000000001614D10549  TARIFA COBRANÇA          0000104401                             
7560001300014E   224158233000185                    0306940000000847259 TRUSTCODE TECNOLOGIA DA INFORM      DPV00                    N1309201613092016000000000000000269D10549  TARIFA COBRANÇA          0000064401                             
7560001300015E   224158233000185                    0306940000000847259 TRUSTCODE TECNOLOGIA DA INFORM      DPV00                    S1409201614092016000000000000100000C202800 CRÉD.LIQ.COBRANÇA        0000102001                             
7560001300016E   224158233000185                    0306940000000847259 TRUSTCODE TECNOLOGIA DA INFORM      DPV00                    S1509201615092016000000000000805466C202800 CRÉD.LIQ.COBRANÇA        0000104401                             
7560001300017E   224158233000185                    0306940000000847259 TRUSTCODE TECNOLOGIA DA INFORM      DPV00                    S1609201616092016000000000000062566C202800 CRÉD.LIQ.COBRANÇA        0000064401                             
7560001300018E   224158233000185                    0306940000000847259 TRUSTCODE TECNOLOGIA DA INFORM      DPV00                    N2009201620092016000000000000007800D1045692DB.CONV.TR FD-RFB        2954765                                
7560001300019E   224158233000185                    0306940000000847259 TRUSTCODE TECNOLOGIA DA INFORM      DPV00                    N2009201620092016000000000000080000D114370 SAQUE - BANCO24HORA      322036                                 
7560001300020E   224158233000185                    0306940000000847259 TRUSTCODE TECNOLOGIA DA INFORM      DPV00                    S2109201621092016000000000000001000D1055491SAQUE TERMINAL           178                                    
75600015         224158233000185                    0306940000000847259                 00000000000000000000000000000000000000000000000000000028092016000000000002023607CP000022000000000001165999000000000001056032                            
75699999         000001000024000001                                                                                                                                                                                                             