75600000         292743275000133000000000000000000540307000000000847242 Trustcode Tecnologia da InformBanco Sicoob                            10512201800135300004408700000                                                                     
75600011C2041045 292743275000133000000000000000000540307000000000847242 Trustcode Tecnologia da Inform                                        Vinicius de Moraes            00042               Florianopolis       88037240SC01                
7560001300001A00001834100730 0000000224441 Razao Social                  8                   30112018BRL000000000000000000000000012556                    05122018000000000012556                                        0700005     0          
7560001300002B   205075837000113Endereco Rua                  00042               Centro         Florianopolis       88037240SC301120180000000000125560000000000000000000000000000000000000000000000000000000000000050758370001130000000        
7560001300003A00001834100730 0000000224421 Razao Social                  7                   30112018BRL000000000000000000000000012556                    05122018000000000012556                                        0700005     0          
7560001300004B   100054577015498Endereco Rua                  00042               Centro         Florianopolis       88037240SC301120180000000000125560000000000000000000000000000000000000000000000000000000000000000545770154980000000        
7560001300005A00001823700504 0000000873922 Razao Social                  6                   30112018BRL000000000000000000000000012556                    05122018000000000012556                                        0700005     0          
7560001300006B   205075837000113Endereco Rua                  00042               Centro         Florianopolis       88037240SC301120180000000000125560000000000000000000000000000000000000000000000000000000000000050758370001130000000        
7560001300007A00001823700504 0000000873902 Razao Social                  5                   30112018BRL000000000000000000000000012556                    05122018000000000012556                                        0700005     0          
7560001300008B   100054577015498Endereco Rua                  00042               Centro         Florianopolis       88037240SC301120180000000000125560000000000000000000000000000000000000000000000000000000000000000545770154980000000        
7560001300009A00001803300823 0000130001765 Razao Social                  4                   30112018BRL000000000000000000000000012556                    05122018000000000012556                                        0700005     0          
7560001300010B   205075837000113Endereco Rua                  00042               Centro         Florianopolis       88037240SC301120180000000000125560000000000000000000000000000000000000000000000000000000000000050758370001130000000        
7560001300011A00001803300823 0000130001745 Razao Social                  3                   30112018BRL000000000000000000000000012556                    05122018000000000012556                                        0700005     0          
7560001300012B   100054577015498Endereco Rua                  00042               Centro         Florianopolis       88037240SC301120180000000000125560000000000000000000000000000000000000000000000000000000000000000545770154980000000        
75600015         000014000000000000075336000000000000000000000000                                                                                                                                                                               
75600021C2003045 292743275000133000000000000000000540307000000000847242 Trustcode Tecnologia da Inform                                        Vinicius de Moraes            00042               Florianopolis       88037240SC01                
7560002300001A00070034100730 0000000224441 Razao Social                  16                  30112018BRL000000000000000000000000012556                    05122018000000000012556                                        0700005     0          
7560002300002B   205075837000113Endereco Rua                  00042               Centro         Florianopolis       88037240SC301120180000000000125560000000000000000000000000000000000000000000000000000000000000050758370001130000000        
7560002300003A00070034100730 0000000224421 Razao Social                  15                  30112018BRL000000000000000000000000012556                    05122018000000000012556                                        0700005     0          
7560002300004B   100054577015498Endereco Rua                  00042               Centro         Florianopolis       88037240SC301120180000000000125560000000000000000000000000000000000000000000000000000000000000000545770154980000000        
7560002300005A00070023700504 0000000873922 Razao Social                  14                  30112018BRL000000000000000000000000012556                    05122018000000000012556                                        0700005     0          
7560002300006B   205075837000113Endereco Rua                  00042               Centro         Florianopolis       88037240SC301120180000000000125560000000000000000000000000000000000000000000000000000000000000050758370001130000000        
7560002300007A00070023700504 0000000873902 Razao Social                  13                  30112018BRL000000000000000000000000012556                    05122018000000000012556                                        0700005     0          
7560002300008B   100054577015498Endereco Rua                  00042               Centro         Florianopolis       88037240SC301120180000000000125560000000000000000000000000000000000000000000000000000000000000000545770154980000000        
7560002300009A00070003300823 0000130001765 Razao Social                  12                  30112018BRL000000000000000000000000012556                    05122018000000000012556                                        0700005     0          
7560002300010B   205075837000113Endereco Rua                  00042               Centro         Florianopolis       88037240SC301120180000000000125560000000000000000000000000000000000000000000000000000000000000050758370001130000000        
7560002300011A00070003300823 0000130001745 Razao Social                  11                  30112018BRL000000000000000000000000012556                    05122018000000000012556                                        0700005     0          
7560002300012B   100054577015498Endereco Rua                  00042               Centro         Florianopolis       88037240SC301120180000000000125560000000000000000000000000000000000000000000000000000000000000000545770154980000000        
75600025         000014000000000000075336000000000000000000000000                                                                                                                                                                               
75600031C2001045 292743275000133000000000000000000540307000000000847242 Trustcode Tecnologia da Inform                                        Vinicius de Moraes            00042               Florianopolis       88037240SC01                
7560003300001A0007007560307000000000847282 Razao Social                  10                  30112018BRL000000000000000000000000012556                    05122018000000000012556                                        0700005     0          
7560003300002B   205075837000113Endereco Rua                  00042               Centro         Florianopolis       88037240SC301120180000000000125560000000000000000000000000000000000000000000000000000000000000050758370001130000000        
7560003300003A0007007560307000000000847222 Razao Social                  9                   30112018BRL000000000000000000000000012556                    05122018000000000012556                                        0700005     0          
7560003300004B   100054577015498Endereco Rua                  00042               Centro         Florianopolis       88037240SC301120180000000000125560000000000000000000000000000000000000000000000000000000000000000545770154980000000        
7560003300005A0000187560307000000000847282 Razao Social                  2                   30112018BRL000000000000000000000000012556                    05122018000000000012556                                        0700005     0          
7560003300006B   205075837000113Endereco Rua                  00042               Centro         Florianopolis       88037240SC301120180000000000125560000000000000000000000000000000000000000000000000000000000000050758370001130000000        
7560003300007A0000187560307000000000847222 Razao Social                  1                   30112018BRL000000000000000000000000012556                    05122018000000000012556                                        0700005     0          
7560003300008B   100054577015498Endereco Rua                  00042               Centro         Florianopolis       88037240SC301120180000000000125560000000000000000000000000000000000000000000000000000000000000000545770154980000000        
75600035         000010000000000000050224000000000000000000000000                                                                                                                                                                               
75699999         000003000040000000                                                                                                                                                                                                             
