03300000         292743275000133003308230000000False00823 0000130001725 Trustcode Tecnologia da InformBanco Santander                         10512201800135300004506000000                                                                     
03300011C2003031 292743275000133003308230000000False00823 0000130001725 Trustcode Tecnologia da Inform                                        Vinicius de Moraes            00042               Florianopolis       88037240SC                  
0330001300001A00070034100730 0000000224441 Razao Social                  16                  30112018BRL000000000000000000000000012556                    05122018000000000012556                                        0700005     0          
0330001300002B   205075837000113Endereco Rua                  00042               Centro         Florianopolis       88037240SC301120180000000000125560000000000000000000000000000000000000000000000000000000000001353           00000          
0330001300003A00070034100730 0000000224421 Razao Social                  15                  30112018BRL000000000000000000000000012556                    05122018000000000012556                                        0700005     0          
0330001300004B   100054577015498Endereco Rua                  00042               Centro         Florianopolis       88037240SC301120180000000000125560000000000000000000000000000000000000000000000000000000000001353           00000          
0330001300005A00070023700504 0000000873922 Razao Social                  14                  30112018BRL000000000000000000000000012556                    05122018000000000012556                                        0700005     0          
0330001300006B   205075837000113Endereco Rua                  00042               Centro         Florianopolis       88037240SC301120180000000000125560000000000000000000000000000000000000000000000000000000000001353           00000          
0330001300007A00070023700504 0000000873902 Razao Social                  13                  30112018BRL000000000000000000000000012556                    05122018000000000012556                                        0700005     0          
0330001300008B   100054577015498Endereco Rua                  00042               Centro         Florianopolis       88037240SC301120180000000000125560000000000000000000000000000000000000000000000000000000000001353           00000          
0330001300009A0007007560307000000000847282 Razao Social                  10                  30112018BRL000000000000000000000000012556                    05122018000000000012556                                        0700005     0          
0330001300010B   205075837000113Endereco Rua                  00042               Centro         Florianopolis       88037240SC301120180000000000125560000000000000000000000000000000000000000000000000000000000001353           00000          
0330001300011A0007007560307000000000847222 Razao Social                  9                   30112018BRL000000000000000000000000012556                    05122018000000000012556                                        0700005     0          
0330001300012B   100054577015498Endereco Rua                  00042               Centro         Florianopolis       88037240SC301120180000000000125560000000000000000000000000000000000000000000000000000000000001353           00000          
0330001300013A00001834100730 0000000224441 Razao Social                  8                   30112018BRL000000000000000000000000012556                    05122018000000000012556                                        0700005     0          
0330001300014B   205075837000113Endereco Rua                  00042               Centro         Florianopolis       88037240SC301120180000000000125560000000000000000000000000000000000000000000000000000000000001353           00000          
0330001300015A00001834100730 0000000224421 Razao Social                  7                   30112018BRL000000000000000000000000012556                    05122018000000000012556                                        0700005     0          
0330001300016B   100054577015498Endereco Rua                  00042               Centro         Florianopolis       88037240SC301120180000000000125560000000000000000000000000000000000000000000000000000000000001353           00000          
0330001300017A00001823700504 0000000873922 Razao Social                  6                   30112018BRL000000000000000000000000012556                    05122018000000000012556                                        0700005     0          
0330001300018B   205075837000113Endereco Rua                  00042               Centro         Florianopolis       88037240SC301120180000000000125560000000000000000000000000000000000000000000000000000000000001353           00000          
0330001300019A00001823700504 0000000873902 Razao Social                  5                   30112018BRL000000000000000000000000012556                    05122018000000000012556                                        0700005     0          
0330001300020B   100054577015498Endereco Rua                  00042               Centro         Florianopolis       88037240SC301120180000000000125560000000000000000000000000000000000000000000000000000000000001353           00000          
0330001300021A0000187560307000000000847282 Razao Social                  2                   30112018BRL000000000000000000000000012556                    05122018000000000012556                                        0700005     0          
0330001300022B   205075837000113Endereco Rua                  00042               Centro         Florianopolis       88037240SC301120180000000000125560000000000000000000000000000000000000000000000000000000000001353           00000          
0330001300023A0000187560307000000000847222 Razao Social                  1                   30112018BRL000000000000000000000000012556                    05122018000000000012556                                        0700005     0          
0330001300024B   100054577015498Endereco Rua                  00042               Centro         Florianopolis       88037240SC301120180000000000125560000000000000000000000000000000000000000000000000000000000001353           00000          
03300015         000026000000000000150672000000000000000000000000                                                                                                                                                                               
03300021C2001031 292743275000133003308230000000False00823 0000130001725 Trustcode Tecnologia da Inform                                        Vinicius de Moraes            00042               Florianopolis       88037240SC                  
0330002300001A00070003300823 0000130001765 Razao Social                  12                  30112018BRL000000000000000000000000012556                    05122018000000000012556                                        0700005     0          
0330002300002B   205075837000113Endereco Rua                  00042               Centro         Florianopolis       88037240SC301120180000000000125560000000000000000000000000000000000000000000000000000000000001353           00000          
0330002300003A00070003300823 0000130001745 Razao Social                  11                  30112018BRL000000000000000000000000012556                    05122018000000000012556                                        0700005     0          
0330002300004B   100054577015498Endereco Rua                  00042               Centro         Florianopolis       88037240SC301120180000000000125560000000000000000000000000000000000000000000000000000000000001353           00000          
0330002300005A00001803300823 0000130001765 Razao Social                  4                   30112018BRL000000000000000000000000012556                    05122018000000000012556                                        0700005     0          
0330002300006B   205075837000113Endereco Rua                  00042               Centro         Florianopolis       88037240SC301120180000000000125560000000000000000000000000000000000000000000000000000000000001353           00000          
0330002300007A00001803300823 0000130001745 Razao Social                  3                   30112018BRL000000000000000000000000012556                    05122018000000000012556                                        0700005     0          
0330002300008B   100054577015498Endereco Rua                  00042               Centro         Florianopolis       88037240SC301120180000000000125560000000000000000000000000000000000000000000000000000000000001353           00000          
03300025         000010000000000000050224000000000000000000000000                                                                                                                                                                               
03399999         000002000038                                                                                                                                                                                                                   
