23700000         292743275000133012345678           00504 0000000873882 Trustcode Tecnologia da InformBanco Bradesco                          10512201800135300004608000000                                                                     
23700011C2041031 292743275000133False               00504 0000000873882 Trustcode Tecnologia da Inform                                        Vinicius de Moraes            00042               Florianopolis       88037240SC                  
2370001300001A00001834100730 0000000224441 Razao Social                  8                   30112018BRL000000000000000000000000012556                    05122018000000000012556                                        0700005     0          
2370001300002B   205075837000113Endereco Rua                  00042               Centro         Florianopolis       88037   SC30112018000000000012556000000000000000000000000000000000000000000000000000000000000               000001800000000
2370001300003A00001834100730 0000000224421 Razao Social                  7                   30112018BRL000000000000000000000000012556                    05122018000000000012556                                        0700005     0          
2370001300004B   100054577015498Endereco Rua                  00042               Centro         Florianopolis       88037   SC30112018000000000012556000000000000000000000000000000000000000000000000000000000000               000001800000000
2370001300005A00001803300823 0000130001765 Razao Social                  4                   30112018BRL000000000000000000000000012556                    05122018000000000012556                                        0700005     0          
2370001300006B   205075837000113Endereco Rua                  00042               Centro         Florianopolis       88037   SC30112018000000000012556000000000000000000000000000000000000000000000000000000000000               000001800000000
2370001300007A00001803300823 0000130001745 Razao Social                  3                   30112018BRL000000000000000000000000012556                    05122018000000000012556                                        0700005     0          
2370001300008B   100054577015498Endereco Rua                  00042               Centro         Florianopolis       88037   SC30112018000000000012556000000000000000000000000000000000000000000000000000000000000               000001800000000
2370001300009A0000187560307000000000847282 Razao Social                  2                   30112018BRL000000000000000000000000012556                    05122018000000000012556                                        0700005     0          
2370001300010B   205075837000113Endereco Rua                  00042               Centro         Florianopolis       88037   SC30112018000000000012556000000000000000000000000000000000000000000000000000000000000               000001800000000
2370001300011A0000187560307000000000847222 Razao Social                  1                   30112018BRL000000000000000000000000012556                    05122018000000000012556                                        0700005     0          
2370001300012B   100054577015498Endereco Rua                  00042               Centro         Florianopolis       88037   SC30112018000000000012556000000000000000000000000000000000000000000000000000000000000               000001800000000
23700015         000014000000000000075336000000000000000000000000                                                                                                                                                                               
23700021C2003031 292743275000133False               00504 0000000873882 Trustcode Tecnologia da Inform                                        Vinicius de Moraes            00042               Florianopolis       88037240SC                  
2370002300001A00070034100730 0000000224441 Razao Social                  16                  30112018BRL000000000000000000000000012556                    05122018000000000012556                                        0700005     0          
2370002300002B   205075837000113Endereco Rua                  00042               Centro         Florianopolis       88037   SC30112018000000000012556000000000000000000000000000000000000000000000000000000000000               000070000000000
2370002300003A00070034100730 0000000224421 Razao Social                  15                  30112018BRL000000000000000000000000012556                    05122018000000000012556                                        0700005     0          
2370002300004B   100054577015498Endereco Rua                  00042               Centro         Florianopolis       88037   SC30112018000000000012556000000000000000000000000000000000000000000000000000000000000               000070000000000
2370002300005A00070003300823 0000130001765 Razao Social                  12                  30112018BRL000000000000000000000000012556                    05122018000000000012556                                        0700005     0          
2370002300006B   205075837000113Endereco Rua                  00042               Centro         Florianopolis       88037   SC30112018000000000012556000000000000000000000000000000000000000000000000000000000000               000070000000000
2370002300007A00070003300823 0000130001745 Razao Social                  11                  30112018BRL000000000000000000000000012556                    05122018000000000012556                                        0700005     0          
2370002300008B   100054577015498Endereco Rua                  00042               Centro         Florianopolis       88037   SC30112018000000000012556000000000000000000000000000000000000000000000000000000000000               000070000000000
2370002300009A0007007560307000000000847282 Razao Social                  10                  30112018BRL000000000000000000000000012556                    05122018000000000012556                                        0700005     0          
2370002300010B   205075837000113Endereco Rua                  00042               Centro         Florianopolis       88037   SC30112018000000000012556000000000000000000000000000000000000000000000000000000000000               000070000000000
2370002300011A0007007560307000000000847222 Razao Social                  9                   30112018BRL000000000000000000000000012556                    05122018000000000012556                                        0700005     0          
2370002300012B   100054577015498Endereco Rua                  00042               Centro         Florianopolis       88037   SC30112018000000000012556000000000000000000000000000000000000000000000000000000000000               000070000000000
23700025         000014000000000000075336000000000000000000000000                                                                                                                                                                               
23700031C2001031 292743275000133False               00504 0000000873882 Trustcode Tecnologia da Inform                                        Vinicius de Moraes            00042               Florianopolis       88037240SC                  
2370003300001A00070023700504 0000000873922 Razao Social                  14                  30112018BRL000000000000000000000000012556                    05122018000000000012556                                        0700005     0          
2370003300002B   205075837000113Endereco Rua                  00042               Centro         Florianopolis       88037   SC30112018000000000012556000000000000000000000000000000000000000000000000000000000000               000070000000000
2370003300003A00070023700504 0000000873902 Razao Social                  13                  30112018BRL000000000000000000000000012556                    05122018000000000012556                                        0700005     0          
2370003300004B   100054577015498Endereco Rua                  00042               Centro         Florianopolis       88037   SC30112018000000000012556000000000000000000000000000000000000000000000000000000000000               000070000000000
2370003300005A00001823700504 0000000873922 Razao Social                  6                   30112018BRL000000000000000000000000012556                    05122018000000000012556                                        0700005     0          
2370003300006B   205075837000113Endereco Rua                  00042               Centro         Florianopolis       88037   SC30112018000000000012556000000000000000000000000000000000000000000000000000000000000               000001800000000
2370003300007A00001823700504 0000000873902 Razao Social                  5                   30112018BRL000000000000000000000000012556                    05122018000000000012556                                        0700005     0          
2370003300008B   100054577015498Endereco Rua                  00042               Centro         Florianopolis       88037   SC30112018000000000012556000000000000000000000000000000000000000000000000000000000000               000001800000000
23700035         000010000000000000050224000000000000000000000000                                                                                                                                                                               
23799999         000003000040000000                                                                                                                                                                                                             
