34100000      081292743275000133                    00730 00000002244001Trustcode Tecnologia da InformItau                                    10512201813534500000000000000                                                                     
34100011C2041000 292743275000133                    00730 00000002244001Trustcode Tecnologia da Inform                                        Vinicius de Moraes            00042               Florianopolis       00088037SC                  
3410001300001A00000023700504 000000087392  Razao Social                  6                   30112018REA000000000000000000000000012556                    05122018000000000012556                    000000000000000000000700005     0          
3410001300002B   205075837000113Endereco Rua                  00042               Centro         Florianopolis       88037240SC                                                                                                                 
3410001300003A00000023700504 000000087390  Razao Social                  5                   30112018REA000000000000000000000000012556                    05122018000000000012556                    000000000000000000000700005     0          
3410001300004B   100054577015498Endereco Rua                  00042               Centro         Florianopolis       88037240SC                                                                                                                 
3410001300005A00000003300823 000013000176  Razao Social                  4                   30112018REA000000000000000000000000012556                    05122018000000000012556                    000000000000000000000700005     0          
3410001300006B   205075837000113Endereco Rua                  00042               Centro         Florianopolis       88037240SC                                                                                                                 
3410001300007A00000003300823 000013000174  Razao Social                  3                   30112018REA000000000000000000000000012556                    05122018000000000012556                    000000000000000000000700005     0          
3410001300008B   100054577015498Endereco Rua                  00042               Centro         Florianopolis       88037240SC                                                                                                                 
3410001300009A00000075603070 000000084728  Razao Social                  2                   30112018REA000000000000000000000000012556                    05122018000000000012556                    000000000000000000000700005     0          
3410001300010B   205075837000113Endereco Rua                  00042               Centro         Florianopolis       88037240SC                                                                                                                 
3410001300011A00000075603070 000000084722  Razao Social                  1                   30112018REA000000000000000000000000012556                    05122018000000000012556                    000000000000000000000700005     0          
3410001300012B   100054577015498Endereco Rua                  00042               Centro         Florianopolis       88037240SC                                                                                                                 
34100015         000014000000000000075336000000000000000                                                                                                                                                                                        
34100021C2003000 292743275000133                    00730 00000002244001Trustcode Tecnologia da Inform                                        Vinicius de Moraes            00042               Florianopolis       00088037SC                  
3410002300001A00000023700504 000000087392  Razao Social                  14                  30112018REA000000000000000000000000012556                    05122018000000000012556                    000000000000000000000700005     0          
3410002300002B   205075837000113Endereco Rua                  00042               Centro         Florianopolis       88037240SC                                                                                                                 
3410002300003A00000023700504 000000087390  Razao Social                  13                  30112018REA000000000000000000000000012556                    05122018000000000012556                    000000000000000000000700005     0          
3410002300004B   100054577015498Endereco Rua                  00042               Centro         Florianopolis       88037240SC                                                                                                                 
3410002300005A00000003300823 000013000176  Razao Social                  12                  30112018REA000000000000000000000000012556                    05122018000000000012556                    000000000000000000000700005     0          
3410002300006B   205075837000113Endereco Rua                  00042               Centro         Florianopolis       88037240SC                                                                                                                 
3410002300007A00000003300823 000013000174  Razao Social                  11                  30112018REA000000000000000000000000012556                    05122018000000000012556                    000000000000000000000700005     0          
3410002300008B   100054577015498Endereco Rua                  00042               Centro         Florianopolis       88037240SC                                                                                                                 
3410002300009A00000075603070 000000084728  Razao Social                  10                  30112018REA000000000000000000000000012556                    05122018000000000012556                    000000000000000000000700005     0          
3410002300010B   205075837000113Endereco Rua                  00042               Centro         Florianopolis       88037240SC                                                                                                                 
3410002300011A00000075603070 000000084722  Razao Social                  9                   30112018REA000000000000000000000000012556                    05122018000000000012556                    000000000000000000000700005     0          
3410002300012B   100054577015498Endereco Rua                  00042               Centro         Florianopolis       88037240SC                                                                                                                 
34100025         000014000000000000075336000000000000000                                                                                                                                                                                        
34100031C2001000 292743275000133                    00730 00000002244001Trustcode Tecnologia da Inform                                        Vinicius de Moraes            00042               Florianopolis       00088037SC                  
3410003300001A00000034100730       022444  Razao Social                  16                  30112018REA000000000000000000000000012556                    05122018000000000012556                    000000000000000000000700005     0          
3410003300002B   205075837000113Endereco Rua                  00042               Centro         Florianopolis       88037240SC                                                                                                                 
3410003300003A00000034100730       022442  Razao Social                  15                  30112018REA000000000000000000000000012556                    05122018000000000012556                    000000000000000000000700005     0          
3410003300004B   100054577015498Endereco Rua                  00042               Centro         Florianopolis       88037240SC                                                                                                                 
3410003300005A00000034100730       022444  Razao Social                  8                   30112018REA000000000000000000000000012556                    05122018000000000012556                    000000000000000000000700005     0          
3410003300006B   205075837000113Endereco Rua                  00042               Centro         Florianopolis       88037240SC                                                                                                                 
3410003300007A00000034100730       022442  Razao Social                  7                   30112018REA000000000000000000000000012556                    05122018000000000012556                    000000000000000000000700005     0          
3410003300008B   100054577015498Endereco Rua                  00042               Centro         Florianopolis       88037240SC                                                                                                                 
34100035         000010000000000000050224000000000000000                                                                                                                                                                                        
34199999         000003000040                                                                                                                                                                                                                   
