75600000         292743275000133000000000000012345880432100000004542500 Trustcode                     Banco Sicoob                            11607201800201200000108700000                                                                     
75600011C9841045 292743275000133123456-6            0123400000004542500 Trustcode                                                             Vinicius de Moraes            00425False          Florianipolis       88037240SC01                
7560001300001A0000180000306940000000847269 ACOPLATEC                     1235460000000000000020180704BRL000000000000000000000000015000000                 20180716000000000015000                                        0111        0          
7560001300002B   224448345000170RUA MAX HEIDEN                00121SALA 03        ANITA GARIBALDIFlorianopolis       89203380SC201807040000000000150000000000000000000000000000000000000000000000000000000000000000244483450001700000000        
7560001300003A0000180000306940000000847269 ACOPLATEC                     1234560000000000000020180704BRL000000000000000000000000015000000                 20180716000000000015000                                        0111        0          
7560001300004B   224448345000170RUA MAX HEIDEN                00121SALA 03        ANITA GARIBALDIFlorianopolis       89203380SC201807040000000000150000000000000000000000000000000000000000000000000000000000000000244483450001700000000        
75600015         000006000000000000030000000000000000000000000000                                                                                                                                                                               
75699999         000001000008000000                                                                                                                                                                                                             
